@misc{RUV2022, 
author={RUV}, 
url={https://www.unidadvictimas.gov.co/es/registro-unico-de-victimas-ruv/37394}, 
journal={Unidad para las Víctimas}, 
year={2022}, 
month={Jun}} 

 @misc{IDMC2022,
url={https://www.internal-displacement.org/}, 
journal={IDMC}, 
author={IDMC}, 
year={2022}, month={Sep}} 

@article{derenoncourt2022,
  title={Can you move to opportunity? Evidence from the Great Migration},
  author={Derenoncourt, Ellora},
  journal={American Economic Review},
  volume={112},
  number={2},
  pages={369--408},
  year={2022}
}

@article{czaika2009,
  title={Civil conflict and displacement: Village-level determinants of forced migration in Aceh},
  author={Czaika, Mathias and Kis-Katos, Krisztina},
  journal={Journal of peace research},
  volume={46},
  number={3},
  pages={399--418},
  year={2009},
  publisher={Sage Publications Sage UK: London, England}
}

@artcile{steele2007,
  title={Massive civilian displacement in civil war: assessing variation in Colombia},
  author={Steele, Abbey and others},
  year={2007},
  institution={Households in Conflict Network}
}

@book{deacon2019,
  title={Forced to leave: Determinants of slow-onset displacement in Colombia},
  author={Deacon, Helen and G{\"o}rgens, Maximilian and others},
  year={2019},
  publisher={JSTOR}
}

@book{kalyvas2006,
  title={The logic of violence in civil war},
  author={Kalyvas, Stathis N},
  year={2006},
  publisher={Cambridge University Press}
}

 @misc{colombia_informa2021, 
title={Aspersiones Aéreas: Poco Efectivas y Nocivas para el campesinado}, 
url={https://www.colombiainforma.info/aspersiones-aereas-poco-efectivas-y-nocivas-para-el-campesinado/}, journal={Colombia Informa}, 
author={Leonor Yonda}, 
year={2021}, month={Apr}} 

@article{lozano2010,
  title={The journey to safety: conflict-driven migration flows in Colombia},
  author={Lozano-Gracia, Nancy and Piras, Gianfranco and Ib{\'a}{\~n}ez, Ana Maria and Hewings, Geoffrey JD},
  journal={International Regional Science Review},
  volume={33},
  number={2},
  pages={157--180},
  year={2010},
  publisher={SAGE Publications Sage CA: Los Angeles, CA}
}

@book{arjona2016,
  title={Rebelocracy},
  author={Arjona, Ana},
  year={2016},
  publisher={Cambridge University Press}
}

@book{cnmh2015, 
place={Bogotá}, 
title={Una Nación Desplazada: Informe Nacional del Desplazamiento forzado en Colombia}, publisher={Centro Nacional de Memoria Histórica}, 
author={CNMH}, 
year={2015}} 

@article{ibanez2008,
  title={Civil conflict and forced migration: The micro determinants and welfare losses of displacement in Colombia},
  author={Ib{\'a}{\~n}ez, Ana Mar{\'\i}a and V{\'e}lez, Carlos Eduardo},
  journal={World Development},
  volume={36},
  number={4},
  pages={659--676},
  year={2008},
  publisher={Elsevier}
}

@book{ibanez2006,
  title={C{\'o}mo el desplazamiento forzado deteriora el bienestar de los hogares desplazados?: an{\'a}lisis y determinantes del bienestar en los municipios de recepci{\'o}n},
  author={Ib{\'a}{\~n}ez, Ana Mar{\'\i}a and Moya, Andr{\'e}s and others},
  year={2006},
  publisher={CEDE}
}

@misc{comisionverdad2022, 
title={Hasta la guerra tiene límites}, 
year={2022},
url={https://www.comisiondelaverdad.co/hasta-la-guerra-tiene-limites}, 
journal={Informe Final - Comisión de la Verdad}, 
author={Comisión de la Verdad, Informe Final}} 

@book{ibanez2008book, place={Bogotá}, 
title={El Desplazamiento Forzoso en colombia: Un camino sin retorno hacia la pobreza}, publisher={Universidad de los Andes, Colombia}, 
author={Ibañez, Ana}, 
year={2008}} 

@article{grajales2017,
  title={Land grabbing, legal contention and institutional change in Colombia},
  author={Grajales, Jacobo},
  booktitle={Global Land Grabbing and Political Reactions ‘from Below’},
  pages={75--94},
  year={2017},
  publisher={Routledge}
} 

@article{bandiera2021,
  title={Deliberate displacement during conflict: Evidence from Colombia},
  author={Bandiera, Antonella},
  journal={World Development},
  volume={146},
  pages={105547},
  year={2021},
  publisher={Elsevier}
}

 @book{jaramillo_villa_bello_sanchez_riaño_2017, 
title={San Carlos: Memorias del éxodo en la guerra}, 
publisher={Grupo de Memoria Histórica}, 
author={Jaramillo, Ana and Villa, Marta and Bello, Martha and Sanchez, Gonzalo and Riaño, Pilar}, year={2017}} 

@book{deacon2019,
  title={Forced to leave: Determinants of slow-onset displacement in Colombia},
  author={Deacon, Helen and G{\"o}rgens, Maximilian and others},
  year={2019},
  publisher={JSTOR}
}

@article{steele2011,
  title={Electing displacement: political cleansing in Apartad{\'o}, Colombia},
  author={Steele, Abbey},
  journal={Journal of Conflict Resolution},
  volume={55},
  number={3},
  pages={423--445},
  year={2011},
  publisher={Sage Publications Sage CA: Los Angeles, CA}
}

 @misc{dnp2005, 
title={Balance Plan Colombia 1999 – 2005}, 
url={https://colaboracion.dnp.gov.co/cdt/justicia%20seguridad%20y%20gobierno/bal_plan_col_espanol_final.pdf}, 
author={DNP}, 
year={2005}} 

 @misc{diran2020, 
title={Modificación del Plan de Manejo Ambiental para el Programa de Erradicación de Cultivos Ilícitos mediante Aspersión Aerea}, 
url={https://www.cvc.gov.co/sites/default/files/2020-05/267042020%20Capitulo%202%20-%202.3%20Plan%20de%20Manejo%20Amb%20iental%20General.pdf}, 
journal={DIRAN}, author={DIRAN}, year={2020}} 

 @misc{cajar2005, 
title={Impacto de las fumigaciones Aereas Con Glifosato en el Putumayo}, 
url={https://www.colectivodeabogados.org/impacto-de-las-fumigaciones-aereas-con-glifosato-en-el-putumayo/}, 
journal={CAJAR}, 
author={CAJAR},
 year={2005}, 
month={Jan}} 

@article{cardenas2020,
  title={Caso Ecuador C. Colombia: Aspersiones de Glifosato en la Frontera: Derecho Internacional Ambiental, Lucha contra el Terrorismo y Negociaci{\'o}n},
  author={Cardenas, Fabian},
  journal={Casos de Am{\'e}rica Latina ante la Corte Internacional de Justicia. Fronteras, conflictos armados, derechos humanos y medio ambiente. Manuel Becerra Ed. Instituto de Investigaciones Jur{\'\i}dicas, UNAM},
  year={2020}
}

@article{mejia2016,
  title={Plan Colombia: an analysis of effectiveness and costs},
  author={Mej{\'\i}a, Daniel},
  journal={Foreign Policy at Brookings},
  volume={17},
  year={2016}
}

@book{gaviria2011,
  title={Pol{\'\i}ticas antidroga en Colombia: {\'e}xitos, fracasos y extrav{\'\i}os},
  author={Gaviria, Alejandro and Mejia, Daniel},
  year={2011},
  publisher={Universidad de los Andes}
}

 @misc{comisionverdad20201, title={No matarás}, url={https://www.comisiondelaverdad.co/no-mataras}, journal={Informe Final - Comisión de la Verdad}, author={Comisión de la Verdad, Informe Final}, year={2020}} 

@article{elvidge1997,
  title={Mapping city lights with nighttime data from the DMSP Operational Linescan System},
  author={Elvidge, Christopher D and Baugh, Kimberly E and Kihn, Eric A and Kroehl, Herbert W and Davis, Ethan R},
  journal={Photogrammetric Engineering and Remote Sensing},
  volume={63},
  number={6},
  pages={727--734},
  year={1997},
  publisher={[Falls Church, Va.] American Society of Photogrammetry.}
}

@article{baugh2010,
  title={Development of a 2009 stable lights product using DMSP-OLS data},
  author={Baugh, Kimberly and Elvidge, Christopher D and Ghosh, Tilottama and Ziskin, Daniel},
  journal={Proceedings of the Asia-Pacific Advanced Network},
  volume={30},
  number={0},
  pages={114},
  year={2010},
  publisher={Citeseer}
}

@article{indexvegetation2002,
author={Huete, Didan and K, Miura and T, Rodriguez and E.P, Gao and X, Ferreira},
title={Overview of the radiometric and biophysical performance of the MODIS vegetation indices},
DOI={10.1016/S0034-4257(02)00096-2},
ISSN={00344257},
created={1676562852385},
creatorsummary={Huete et al.},
date={11/2002},
issue={1-2},
itemType={article-journal},
journalabbreviation={Remote Sensing of Environment},
key={9HBMKSSH},
language={English},
librarycatalog={DOI.org (Crossref)},
numchildren={1},
origindata={Overview%20of%20the%20radiometric%20and%20biophysical%20performance%20of%20the%20MODIS%20vegetation%20indices_2023-02-16T15%3A54%3A12.385Z},
originname={meditor},
pages={195-213},
parseddate={2002},
score={0},
volume={83},
year={2002},
version={27730},
updated={1676562852385},
url={https://linkinghub.elsevier.com/retrieve/pii/S0034425702000962}}

@article{alonso1997,
  title={Elecciones, territorios y conflictos},
  author={Alonso, Manuel Alberto},
  year={1997},
  publisher={Universidad de Antioquia, Instituto de Estudios Pol{\'\i}ticos}
}

@article{arjona2011,
  title={Presencia vs. violencia: problemas de medici{\'o}n de la presencia de actores armados en Colombia},
  year={2011},
  author={Arjona, Ana and Ot{\'a}lora, Laura}
}

@book{kalyvas2008,
  title={Order, conflict, and violence},
  author={Kalyvas, Stathis N and Shapiro, Ian and Masoud, Tarek E},
  year={2008},
  publisher={Cambridge University Press}
}

@article{rodriguez2020,
  title={Efecto de la aspersi{\'o}n a{\'e}rea de cultivos de hoja de coca en el trabajo infantil, la asistencia a la escuela y el rezago escolar en Colombia, 2008-2012},
  author={Rodr{\'\i}guez, Claudia},
  year={2020},
  publisher={Inter-agency Network for Education in Emergencies}
}

@book{stahel2013,
  title={Statistische Datenanalyse: Eine Einf{\"u}hrung f{\"u}r Naturwissenschaftler},
  author={Stahel, Werner},
  year={2013},
  publisher={Springer-Verlag}
}

@article{reyes2014,
  title={Estimating the causal effect of forced eradication on coca cultivation in Colombian municipalities},
  author={Reyes, Luis Carlos},
  journal={World Development},
  volume={61},
  pages={70--84},
  year={2014},
  publisher={Elsevier}
}

@article{campos2020,
  title={Efectos de las aspersiones a{\'e}reas con glifosato sobre los rendimientos agr{\'\i}colas},
  author={Campos Contreras, Juan Felipe and others},
  year={2020},
  publisher={Universidad de los Andes}
}

@article{godoy2018,
  title={Violencia en la producci{\'o}n de coca{\'\i}na: laboratorios y grupos armados},
  author={Godoy, Juan Felipe and others},
  year={2018},
  publisher={Universidad de los Andes, Facultad de Econom{\'\i}a, CEDE}
}

@article{camacho2014,
  title={Consecuencias de la aspersi{\'o}n a{\'e}rea en la salud: evidencia desde el caso colombiano},
  author={Camacho, Adriana and Mej{\'\i}a, Daniel},
  journal={Costos Econ{\'o}micos y Sociales del Conflicto en Colombia:?` C{\'o}mo construir un posconflicto sostenible},
  pages={117--138},
  year={2014}
}

 @misc{univalle_2020, 
  author={Ordoñez, Abrahams},
title={Efectos Negativos del Glifosato en la salud reproductiva - universidad del valle / cali, Colombia}, url={https://www.univalle.edu.co/lo-que-pasa-en-la-u/efectos-negativos-del-glifosato-en-la-salud-reproductiva/}, journal={Universidad del Valle}, publisher={Universidad del Valle / Cali, Colombia}, author={Univalle, Agencia de Noticias}, year={2020}, month={Sep}} 

@article{zhang2019,
  title={Exposure to glyphosate-based herbicides and risk for non-Hodgkin lymphoma: a meta-analysis and supporting evidence},
  author={Zhang, Luoping and Rana, Iemaan and Shaffer, Rachel M and Taioli, Emanuela and Sheppard, Lianne},
  journal={Mutation Research/Reviews in Mutation Research},
  volume={781},
  pages={186--206},
  year={2019},
  publisher={Elsevier}
}

@article{bromilow1996,
  title={The effect on soil fertility of repeated applications of pesticides over 20 years},
  author={Bromilow, Richard H and Evans, Avis A and Nicholls, Peter H and Todd, Alan D and Briggs, Geoffrey G},
  journal={Pesticide Science},
  volume={48},
  number={1},
  pages={63--72},
  year={1996},
  publisher={Wiley Online Library}
}

@article{andrea2003,
  title={Influence of repeated applications of glyphosate on its persistence and soil bioactivity},
  author={Mercedes de and Peres, Andrea, Terezinha Bonanho and Luchini, Luiz Carlos and Bazarin, Sheila and Papini, Solange and Matallo, Marcus Barifouse and Savoy, Vera Lucia Tedeschi},
  journal={Pesquisa Agropecu{\'a}ria Brasileira},
  volume={38},
  pages={1329--1335},
  year={2003},
  publisher={SciELO Brasil}
}

@article{ruiz2014,
  title={Efecto de la concentraci{\'o}n de glifosato presente en cuerpos de agua cercanos a campos de soya transg{\'e}nica sobre la abeja Apis mellifera y la abeja sin aguij{\'o}n Tetragonisca angustula},
  author={Ruiz-Toledo, Jovani and S{\'a}nchez-Guill{\'e}n, Daniel},
  journal={Acta zool{\'o}gica mexicana},
  volume={30},
  number={2},
  pages={408--413},
  year={2014},
  publisher={Instituto de Ecolog{\'\i}a AC}
}

@article{cox1995,
  title={Glyphosate. 2. Human exposure and ecological effects},
  author={Cox, Caroline},
  journal={Journal of pesticide reform: a publication of the Northwest Coalition for Alternatives to Pesticides (USA)},
  year={1995}
}

@inproceedings{brauman2011,
  title={Widespread Occurrence of Glyphosate and its Degradation Product (AMPA) in US Soils, Surface Water, Groundwater, and Precipitation, 2001-2009},
  author={Brauman, KA and Fl{\"o}rke, M and Mueller, ND and Foley, JA},
  booktitle={AGU Fall Meeting Abstracts},
  volume={2011},
  pages={H44A--08},
  year={2011}
}

@article{relyea2005,
  title={The impact of insecticides and herbicides on the biodiversity and productivity of aquatic communities},
  author={Relyea, Rick A},
  journal={Ecological applications},
  volume={15},
  number={2},
  pages={618--627},
  year={2005},
  publisher={Wiley Online Library}
}

@article{lajmanovich2015,
  title={Harmful effects of the dermal intake of commercial formulations containing chlorpyrifos, 2, 4-D, and glyphosate on the common toad Rhinella arenarum (Anura: Bufonidae)},
  author={Lajmanovich, Rafael C and Attademo, Andr{\'e}s M and Simoniello, Mar{\'\i}a F and Poletta, Gisela L and Junges, Celina M and Peltzer, Paola M and Gren{\'o}n, Paula and Cabagna-Zenklusen, Mariana C},
  journal={Water, Air, \& Soil Pollution},
  volume={226},
  pages={1--12},
  year={2015},
  publisher={Springer}
}

@misc{abadie2014,
  title={Inside the war on drugs: Effectiveness and unintended consequences of},
  author={Abadie, Alberto and Acevedo, Maria C and Kugler, Maurice and Vargas, Juan},
  year={2014},
  publisher={Cambridge, MA: Harvard University. Unpublished Manuscript}
}

@misc{zuleta2017,
  title={Coca, coca{\'\i}na y narcotr{\'a}fico},
  author={Zuleta, Hernando and Ferro, Tatiana Mart{\'\i}nez},
  year={2017},
  publisher={Universidad de los Andes}
}

@article{cornell2005,
  title={Narcotics, radicalism, and armed conflict in Central Asia: the Islamic movement of Uzbekistan},
  author={Cornell, Svante E},
  journal={Terrorism and Political Violence},
  volume={17},
  number={4},
  pages={619--639},
  year={2005},
  publisher={Taylor \& Francis}
}

@article{monteleone2016,
  title={Do terrorism, organized crime (drug production), and state weakness affect contemporary armed conflicts? An empirical analysis},
  author={Monteleone, Carla},
  journal={Global Change, Peace \& Security},
  volume={28},
  number={1},
  pages={35--53},
  year={2016},
  publisher={Taylor \& Francis}
}

@article{gutierrez2020,
  title={Rebels-turned-narcos? The FARC-EP’s political involvement in Colombia’s cocaine economy},
  author={Guti{\'e}rrez D, Jos{\'e} Antonio and Thomson, Frances},
  journal={Studies in Conflict \& Terrorism},
  volume={44},
  number={1},
  pages={26--51},
  year={2020},
  publisher={Taylor \& Francis}
}

@article{mercille2011,
  title={Violent narco-cartels or US hegemony? The political economy of the ‘war on drugs’ in Mexico},
  author={Mercille, Julien},
  journal={Third World Quarterly},
  volume={32},
  number={9},
  pages={1637--1653},
  year={2011},
  publisher={Taylor \& Francis}
}

@TechReport{fergusson2017,
  author={Leopoldo Fergusson},
  title={{Who wants violence? The political economy of conflict and state building in Colombia}},
  year=2017,
  month=Dec,
  institution={Universidad de los Andes â€“ Facultad de Economía â€“ CEDE},
  type={Documentos CEDE},
  url={https://ideas.repec.org/p/col/000089/015890.html},
  number={015890},
  abstract={Enduring violent conflict is the flip side of the coin of a weak state. In this article, I propose some political economy underpinnings for the persistence of conflict (and the weak state). Focusing on the case of Colombia, I discuss three broad sets of mechanisms that are also relevant elsewhere. First, a public goods trap\&quot; implies that a low supply of public goods (including security and order) produces a low demand for public goods, and vice versa. This trap is grounded on, and reproduces, political and economic inequality. Second, conflict and a weak state create economic and political rents, producing vested interests in the status quo. I argue that political rents are a particularly strong obstacle, partly because reformers face a sort of curse of dimensionality: many things have to work well for state capacity and stable peace to consolidate. Politically powerful groups take advantage of any weak spot to defend their rents, producing countervailing negative effects following state building efforts. Finally, the very clientelistic pattern of political exchange in many societies consolidates a weak state, and weak states are fertile ground for clientelism to flourish. This vicious circle of clientelism and state weakness is another reason for persistence. I conclude discussing some lessons for reformers, though the very nature of the argument implies that there are no easy recipes for success.},
  keywords={Conflict; state capacity; public goods; political economy.},
  doi={},
}

@Article{acemoglu2020,
  author={Daron Acemoglu and Leopoldo Fergusson and James Robinson and Dario Romero and Juan F. Vargas},
  title={{The Perils of High-Powered Incentives: Evidence from Colombia's False Positives}},
  journal={American Economic Journal: Economic Policy},
  year=2020,
  volume={12},
  number={3},
  pages={1-43},
  month={August},
  keywords={},
  doi={10.1257/pol.20180168},
  abstract={We investigate the use of high-powered incentives for the Colombian military and show that this practice produced perverse side effects. Innocent civilians were killed and misrepresented as guerillas (a phenomenon known in Colombia as \&quot;false positives\&quot;). There were significantly more false positives during the period of high-powered incentives in municipalities with weaker judicial institutions and where a higher share of brigades were commanded by colonels, who have stronger career concerns than generals. In municipalities with a higher share of colonels, the high-powered incentives period also coincided with a worsening of local judicial institutions and no discernible improvement in overall security.},
  url={https://ideas.repec.org/a/aea/aejpol/v12y2020i3p1-43.html}
}

@article{ballentine2003,
  title={Beyond greed and grievance: Policy lessons from studies in the political economy of armed conflict},
  author={Ballentine, Karen and Nitzschke, Heiko},
  journal={Security and Development: Investing in Peace and Prosperity},
  volume={164},
  year={2003},
  publisher={London: Routledge}
}